@article{thurin2022inception,
  title={From Inception to ConcePTION: Genesis of a Network to Support Better Monitoring and Communication of Medication Safety During Pregnancy and Breastfeeding},
  author={Thurin, Nicolas H and Pajouheshnia, Romin and Roberto, Giuseppe and Dodd, Caitlin and Hyeraci, Giulia and Bartolini, Claudia and Paoletti, Olga and Nordeng, Hedvig and Wallach-Kildemoes, Helle and Ehrenstein, Vera and others},
  journal={Clinical Pharmacology \& Therapeutics},
  volume={111},
  number={1},
  pages={321--331},
  year={2022},
  publisher={Wiley Online Library}
}

@article{obermeyer2016predicting,
  title={Predicting the futureâ€”big data, machine learning, and clinical medicine},
  author={Obermeyer, Ziad and Emanuel, Ezekiel J},
  journal={The New England journal of medicine},
  volume={375},
  number={13},
  pages={1216},
  year={2016},
  publisher={NIH Public Access}
}

@article{couronne2018random,
  title={Random forest versus logistic regression: a large-scale benchmark experiment},
  author={Couronn{\'e}, Raphael and Probst, Philipp and Boulesteix, Anne-Laure},
  journal={BMC bioinformatics},
  volume={19},
  number={1},
  pages={1--14},
  year={2018},
  publisher={Springer}
}

@article{beunza2019comparison,
  title={Comparison of machine learning algorithms for clinical event prediction (risk of coronary heart disease)},
  author={Beunza, Juan-Jose and Puertas, Enrique and Garc{\'\i}a-Ovejero, Ester and Villalba, Gema and Condes, Emilia and Koleva, Gergana and Hurtado, Cristian and Landecho, Manuel F},
  journal={Journal of biomedical informatics},
  volume={97},
  pages={103257},
  year={2019},
  publisher={Elsevier}
}

@article{Arija2018,
	title = {Physical activity, cardiovascular health, quality of life and blood pressure control in hypertensive subjects: randomized clinical trial},
	author = {Arija, Victoria and Villalobos, Felipe and Pedret, Roser and Vinuesa, Angels and Jovani, Dolors and Pascual, Gabriel and Basora, Josep},
	year = {2018},
	month = {09},
	date = {2018-09-14},
	journal = {Health and Quality of Life Outcomes},
	volume = {16},
	number = {1},
	doi = {10.1186/s12955-018-1008-6},
	url = {http://dx.doi.org/10.1186/s12955-018-1008-6},
	langid = {en}
}


@article{kuhn2008building,
  title={Building predictive models in R using the caret package},
  author={Kuhn, Max},
  journal={Journal of statistical software},
  volume={28},
  pages={1--26},
  year={2008}
}


@article{caret,
	title = {caret: Classification and Regression Training},
	author = {Kuhn, Max},
	year = {2022},
	date = {2022},
	url = {https://CRAN.R-project.org/package=caret}
}

@article{fawcett2006,
	title = {An introduction to ROC analysis},
	author = {Fawcett, Tom},
	year = {2006},
	month = {06},
	date = {2006-06},
	journal = {Pattern Recognition Letters},
	pages = {861--874},
	volume = {27},
	number = {8},
	doi = {10.1016/j.patrec.2005.10.010},
	url = {http://dx.doi.org/10.1016/j.patrec.2005.10.010},
	langid = {en}
}


@article{fawcett2004roc,
  title={ROC graphs: Notes and practical considerations for researchers},
  author={Fawcett, Tom},
  journal={Machine learning},
  volume={31},
  number={1},
  pages={1--38},
  year={2004},
  publisher={Citeseer}
}

@article{robin2011proc,
  title={pROC: an open-source package for R and S+ to analyze and compare ROC curves},
  author={Robin, Xavier and Turck, Natacha and Hainard, Alexandre and Tiberti, Natalia and Lisacek, Fr{\'e}d{\'e}rique and Sanchez, Jean-Charles and M{\"u}ller, Markus},
  journal={BMC bioinformatics},
  volume={12},
  number={1},
  pages={1--8},
  year={2011},
  publisher={BioMed Central}
}

@inproceedings{chen2016xgboost,
  title={Xgboost: A scalable tree boosting system},
  author={Chen, Tianqi and Guestrin, Carlos},
  booktitle={Proceedings of the 22nd acm sigkdd international conference on knowledge discovery and data mining},
  pages={785--794},
  year={2016}
}

@article{fisher2019all,
  title={All Models are Wrong, but Many are Useful: Learning a Variable's Importance by Studying an Entire Class of Prediction Models Simultaneously.},
  author={Fisher, Aaron and Rudin, Cynthia and Dominici, Francesca},
  journal={J. Mach. Learn. Res.},
  volume={20},
  number={177},
  pages={1--81},
  year={2019}
}