
@article{obermeyer2016,
	title = {Predicting the Future {\textemdash} Big Data, Machine Learning, and Clinical Medicine},
	author = {Obermeyer, Ziad and Emanuel, Ezekiel J.},
	year = {2016},
	month = {09},
	date = {2016-09-29},
	journal = {New England Journal of Medicine},
	pages = {1216--1219},
	volume = {375},
	number = {13},
	doi = {10.1056/nejmp1606181},
	url = {http://dx.doi.org/10.1056/nejmp1606181},
	langid = {en}
}
